@BOOK{subhashita-1952,
author =        "Parab, Kashinatha Pandurang, and Wasudeva Laxman Shastri Pansikar.",
title =         "Subhasita-Ratna-Bhandagara or Gems of Sanskrit Poetry : Being a Collection of Witty, Epigrammatic, Instructive and Descriptive Verses. ",
year =          "1952",
publisher =     "Nirnaya Sagar Press"
}
@inproceedings{zen2,
author =        "G\'erard Huet",
title =         "The {Zen} Computational Linguistics Toolkit:
Lexicon Structures and Morphology Computations using a Modular
Functional Programming Language",
booktitle =     "Tutorial, Language Engineering Conference LEC'2002", 
location =      "Hyderabad",
year =          "2002"
}
