@BOOK{subhashita-1952,
author =        "Parab, Kashinatha Pandurang, and Wasudeva Laxman Shastri Pansikar.",
title =         "Subhasita-Ratna-Bhandagara or Gems of Sanskrit Poetry : Being a Collection of Witty, Epigrammatic, Instructive and Descriptive Verses. ",
year =          "1952",
publisher =     "Nirnaya Sagar Press"
}
@BOOK{mss-1974,
author =        "Ludwik Sternbach",
title =         "Mahā-subhāṣita-saṅgraha : being an extensive collection of wise sayings in Sanskrit",
year =          "1974",
publisher =     "Hoshiarpur : Vishveshvaranand Vedic Research Institute"
}
@software{hugo,
    author = {{Hugo Authors}},
    title = {Hugo},
    howpublished = {\url{https://gohugo.io/}},
    version = {0.95.0},
    date = {2022-03-19},
    year = "2022",
}
@software{subhaashita_py,
    author = {{Vishvas Vasuki}},
    title = {subhaashita Python pip package},
    howpublished = {\url{https://github.com/subhAShita/subhaashita_py}},
    version = {0.0.1},
    date = {2022-03-19},
    year = "2022",
}
@software{subhaashita_db_sa_padya,
    author = {{Vishvas Vasuki}},
    title = {subhAShita sa-padya database},
    howpublished = {\url{https://github.com/subhAShita/db_toml_md__sa__padya}},
    version = {0.0.1},
    date = {2022-03-19},
    year = "2022",
}
@software{indic_transliteration_py,
    author = {{Sanskrit Programmers}},
    title = {Indic transliteration python pip package},
    howpublished = {\url{https://github.com/indic-transliteration/indic_transliteration_py}},
    version = {2.3.25},
    date = {2022-03-19},
    year = "2022",
}
@software{toml,
    author = {{Tom Preston-Werner, Pradyun Gedam, et al}},
    title = {TOML},
    howpublished = {\url{https://toml.io/en/v1.0.0}},
    version = {1.0.0},
    date = {2022-03-19},
    year = "2022",
}
